@article{jin2015tetranscripts,
  title={TEtranscripts: a package for including transposable elements in differential expression analysis of RNA-seq datasets},
  author={Jin, Ying and Tam, Oliver H and Paniagua, Eric and Hammell, Molly},
  journal={Bioinformatics},
  volume={31},
  number={22},
  pages={3593--3599},
  year={2015},
  publisher={Oxford University Press}
}

@article{patro2017salmon,
  title={Salmon provides fast and bias-aware quantification of transcript expression},
  author={Patro, Rob and Duggal, Geet and Love, Michael I and Irizarry, Rafael A and Kingsford, Carl},
  journal={Nature Methods},
  volume={14},
  number={4},
  pages={417--419},
  year={2017},
  publisher={Nature Research}
}

@article{ohtani2013dmgtsf1,
  title={DmGTSF1 is necessary for Piwi--piRISC-mediated transcriptional transposon silencing in the Drosophila ovary},
  author={Ohtani, Hitoshi and Iwasaki, Yuka W and Shibuya, Aoi and Siomi, Haruhiko and Siomi, Mikiko C and Saito, Kuniaki},
  journal={Genes \& development},
  volume={27},
  number={15},
  pages={1656--1661},
  year={2013},
  publisher={Cold Spring Harbor Lab}
}

@article{nellore2016human,
  title={Human splicing diversity and the extent of unannotated splice junctions across human RNA-seq samples on the Sequence Read Archive},
  author={Nellore, Abhinav and Jaffe, Andrew E and Fortin, Jean-Philippe and Alquicira-Hern{\'a}ndez, Jos{\'e} and Collado-Torres, Leonardo and Wang, Siruo and Phillips III, Robert A and Karbhari, Nishika and Hansen, Kasper D and Langmead, Ben and others},
  journal={Genome biology},
  volume={17},
  number={1},
  pages={266},
  year={2016},
  publisher={BioMed Central}
}

@article{krug2017retrotransposon,
  title={Retrotransposon activation contributes to neurodegeneration in a Drosophila TDP-43 model of ALS},
  author={Krug, Lisa and Chatterjee, Nabanita and Borges-Monroy, Rebeca and Hearn, Stephen and Liao, Wen-Wei and Morrill, Kathleen and Prazak, Lisa and Rozhkov, Nikolay and Theodorou, Delphine and Hammell, Molly and others},
  journal={PLoS genetics},
  volume={13},
  number={3},
  pages={e1006635},
  year={2017},
  publisher={Public Library of Science}
}

@article{li2012transposable,
  title={Transposable elements in TDP-43-mediated neurodegenerative disorders},
  author={Li, Wanhe and Jin, Ying and Prazak, Lisa and Hammell, Molly and Dubnau, Josh},
  journal={PloS one},
  volume={7},
  number={9},
  pages={e44099},
  year={2012},
  publisher={Public Library of Science}
}

@article{bao2015repbase,
  title={Repbase Update, a database of repetitive elements in eukaryotic genomes},
  author={Bao, Weidong and Kojima, Kenji K and Kohany, Oleksiy},
  journal={Mobile DNA},
  volume={6},
  number={1},
  pages={11},
  year={2015},
  publisher={BioMed Central}
}

@article{srivastava2016rapmap,
  title={RapMap: a rapid, sensitive and accurate tool for mapping RNA-seq reads to transcriptomes},
  author={Srivastava, Avi and Sarkar, Hirak and Gupta, Nitish and Patro, Rob},
  journal={Bioinformatics},
  volume={32},
  number={12},
  pages={i192--i200},
  year={2016},
  publisher={Oxford University Press}
}

@book{bishop2006pattern,
  title={Pattern recognition and machine learning},
  author={Bishop, Christopher M},
  year={2006},
  publisher={springer}
}

@inproceedings{foulds2013stochastic,
  title={Stochastic collapsed variational Bayesian inference for latent Dirichlet allocation},
  author={Foulds, James and Boyles, Levi and DuBois, Christopher and Smyth, Padhraic and Welling, Max},
  booktitle={Proceedings of the 19th ACM SIGKDD international conference on Knowledge discovery and data mining},
  pages={446--454},
  year={2013},
  organization={ACM}
}

@misc{repbase,
  author    =   "Genetic Information Research Institute",
  title     =   "Repbase",
  year      =   "2017",
  note      =   "\url{http://www.girinst.org/repbase/update/browse.php}."
}

@article{love2014moderated,
  title={Moderated estimation of fold change and dispersion for RNA-seq data with DESeq2},
  author={Love, Michael I and Huber, Wolfgang and Anders, Simon},
  journal={Genome biology},
  volume={15},
  number={12},
  pages={550},
  year={2014},
  publisher={BioMed Central}
}

@techreport{johnston1980multivariate,
  title={Multivariate statistical analysis in geography; a primer on the general linear model},
  author={Johnston, RJRJ},
  year={1980}
}

@article{koster2012snakemake,
  title={Snakemakeâ€”a scalable bioinformatics workflow engine},
  author={K{\"o}ster, Johannes and Rahmann, Sven},
  journal={Bioinformatics},
  volume={28},
  number={19},
  pages={2520--2522},
  year={2012},
  publisher={Oxford University Press}
}